@Article{Farrell2011,
AUTHOR = {Farrell, P. E. and Piggott, M. D. and Gorman, G. J. and Ham, D. A. and Wilson, C. R. and Bond, T. M.},
TITLE = {Automated continuous verification for numerical simulation},
JOURNAL = {Geoscientific Model Development},
VOLUME = {4},
YEAR = {2011},
NUMBER = {2},
PAGES = {435--449},
DOI = {10.5194/gmd-4-435-2011}
}

@book{popper1959,
	address = {London},
	isbn = {0415278449},
	publisher = {Routledge},
	author = {Popper, K. R.},
	title = {The Logic of Scientific Discovery},
	year = {1959},
}

@Article{howden1976,
	Issn = {0098-5589},
	Keywords = {null Path analysis, program correctness, program testing, symbolic evaluation},
	author = {W. E. Howden},
	title = {Reliability of the Path Analysis Testing Strategy},
	journal = {IEEE Transactions on Software Engineering},
	volume = {SE-2},
	number = {3},
	pages = {208-215},
	year = {1976},
}
