@Article{Katz2007,
  author =       {Andrew Katz},
  title =        {GPL -- the linking debate},
  journal =      {Magazine of the {S}ociety for {C}omputers and {L}aw},
  year =         2007,
  volume =    18,
  number =    3,
  pages =     {13-16}}

@book{Levy2001,
  title={Hackers: Heroes of the computer revolution},
  author={Levy, Steven},
  volume={4},
  year={2001},
  publisher={Penguin Books New York}
}

@book{Lessig2006,
  title={Code: Version 2.0},
  author={Lessig, Lawrence},
  year={2006},
  publisher={Lawrence Lessig}
}

@book{Lindberg2008,
  title={Intellectual Property and Open Source: A Practical Guide to Protecting Code},
  author={Lindberg, Van},
  year={2008},
  publisher={O'Reilly}
}

@book{Rosen2004,
  title={Open source licensing},
  author={Rosen, Lawrence},
  year={2004},
  publisher={Prentice Hall PTR}
}

@book{Stallman2009,
  title={Free software, free society: Selected essays of Richard M. Stallman},
  author={Stallman, Richard M. and Gay, Joshua},
  year={2009},
  publisher={CreateSpace}
}

@Book{Stokes2009,
  author =    {Stokes, Simon},
  title =        {Digital copyright: law and practice},
  publisher =    {Hart},
  year =         2009}
